@article{bobadilla2013recommender,
  title={Recommender systems survey},
  author={Bobadilla, Jes{\'u}s and Ortega, Fernando and Hernando, Antonio and Guti{\'e}rrez, Abraham},
  journal={Knowledge-based systems},
  volume={46},
  pages={109--132},
  year={2013},
  publisher={Elsevier}
}


@incollection{schafer2007collaborative,
  title={Collaborative filtering recommender systems},
  author={Schafer, J Ben and Frankowski, Dan and Herlocker, Jon and Sen, Shilad},
  booktitle={The adaptive web},
  pages={291--324},
  year={2007},
  publisher={Springer}
}


@article{herlocker2004evaluating,
  title={Evaluating collaborative filtering recommender systems},
  author={Herlocker, Jonathan L and Konstan, Joseph A and Terveen, Loren G and Riedl, John T},
  journal={ACM Transactions on Information Systems (TOIS)},
  volume={22},
  number={1},
  pages={5--53},
  year={2004},
  publisher={ACM New York, NY, USA}
}

@article{wang2017knowledge,
  title={Knowledge graph embedding: A survey of approaches and applications},
  author={Wang, Quan and Mao, Zhendong and Wang, Bin and Guo, Li},
  journal={IEEE Transactions on Knowledge and Data Engineering},
  volume={29},
  number={12},
  pages={2724--2743},
  year={2017},
  publisher={IEEE}
}

@article{guo2020survey,
  title={A survey on knowledge graph-based recommender systems},
  author={Guo, Qingyu and Zhuang, Fuzhen and Qin, Chuan and Zhu, Hengshu and Xie, Xing and Xiong, Hui and He, Qing},
  journal={IEEE Transactions on Knowledge and Data Engineering},
  year={2020},
  publisher={IEEE}
}

@inproceedings{ostuni2013top,
  title={Top-n recommendations from implicit feedback leveraging linked open data},
  author={Ostuni, Vito Claudio and Di Noia, Tommaso and Di Sciascio, Eugenio and Mirizzi, Roberto},
  booktitle={Proceedings of the 7th ACM conference on Recommender systems},
  pages={85--92},
  year={2013}
}

@inproceedings{grad2015recommendations,
  title={Recommendations on a knowledge graph},
  author={Grad-Gyenge, L{\'a}szl{\'o} and Filzmoser, Peter and Werthner, Hannes},
  booktitle={1st International Workshop on Machine Learning Methods for Recommender Systems, MLRec},
  pages={13--20},
  year={2015}
}

@article{zhang2018learning,
  title={Learning over knowledge-base embeddings for recommendation},
  author={Zhang, Yongfeng and Ai, Qingyao and Chen, Xu and Wang, Pengfei},
  journal={arXiv preprint arXiv:1803.06540},
  year={2018}
}

@inproceedings{wang2019knowledge,
  title={Knowledge graph convolutional networks for recommender systems},
  author={Wang, Hongwei and Zhao, Miao and Xie, Xing and Li, Wenjie and Guo, Minyi},
  booktitle={The world wide web conference},
  pages={3307--3313},
  year={2019}
}

@inproceedings{palumbo2017entity2rec,
  title={Entity2rec: Learning user-item relatedness from knowledge graphs for top-n item recommendation},
  author={Palumbo, Enrico and Rizzo, Giuseppe and Troncy, Rapha{\"e}l},
  booktitle={Proceedings of the eleventh ACM conference on recommender systems},
  pages={32--36},
  year={2017}
}

@inproceedings{bennett2007netflix,
  title={The netflix prize},
  author={Bennett, James and Lanning, Stan and others},
  booktitle={Proceedings of KDD cup and workshop},
  volume={2007},
  pages={35},
  year={2007},
  organization={New York}
}

@inproceedings{dwork2008differential,
  title={Differential privacy: A survey of results},
  author={Dwork, Cynthia},
  booktitle={International conference on theory and applications of models of computation},
  pages={1--19},
  year={2008},
  organization={Springer}
}

@article{bordes2013translating,
  title={Translating embeddings for modeling multi-relational data},
  author={Bordes, Antoine and Usunier, Nicolas and Garcia-Duran, Alberto and Weston, Jason and Yakhnenko, Oksana},
  journal={Advances in neural information processing systems},
  volume={26},
  year={2013}
}

@article{han2022framework,
  title={A framework for differentially-private knowledge graph embeddings},
  author={Han, Xiaolin and Dell’Aglio, Daniele and Grubenmann, Tobias and Cheng, Reynold and Bernstein, Abraham},
  journal={Journal of Web Semantics},
  volume={72},
  pages={100696},
  year={2022},
  publisher={Elsevier}
}

@article{dwork2014algorithmic,
  title={The algorithmic foundations of differential privacy},
  author={Dwork, Cynthia and Roth, Aaron and others},
  journal={Foundations and Trends{\textregistered} in Theoretical Computer Science},
  volume={9},
  number={3--4},
  pages={211--407},
  year={2014},
  publisher={Now Publishers, Inc.}
}


@inproceedings{abadi2016deep,
	title = {Deep {Learning} with {Differential} {Privacy}},
	booktitle = {Proceedings of the 2016 {ACM} {SIGSAC} {Conference} on {Computer} and {Communications} {Security}},
	author = {Abadi, Martín and Chu, Andy and Goodfellow, Ian and McMahan, H. Brendan and Mironov, Ilya and Talwar, Kunal and Zhang, Li},
	month = oct,
	year = {2016},
	keywords = {Differential Privacy, Deep Learning},
	pages = {308--318},
}

@inproceedings{fan2014transition,
  title={Transition-based knowledge graph embedding with relational mapping properties},
  author={Fan, Miao and Zhou, Qiang and Chang, Emily and Zheng, Fang},
  booktitle={Proceedings of the 28th Pacific Asia conference on language, information and computing},
  pages={328--337},
  year={2014}
}

@incollection{auer2007dbpedia,
  title={Dbpedia: A nucleus for a web of open data},
  author={Auer, S{\"o}ren and Bizer, Christian and Kobilarov, Georgi and Lehmann, Jens and Cyganiak, Richard and Ives, Zachary},
  booktitle={The semantic web},
  pages={722--735},
  year={2007},
  publisher={Springer}
}

@inproceedings{pascanu2013difficulty,
  title={On the difficulty of training recurrent neural networks},
  author={Pascanu, Razvan and Mikolov, Tomas and Bengio, Yoshua},
  booktitle={International conference on machine learning},
  pages={1310--1318},
  year={2013},
  organization={PMLR}
}

@article{wu2022efficiently,
  title={Efficiently embedding dynamic knowledge graphs},
  author={Wu, Tianxing and Khan, Arijit and Yong, Melvin and Qi, Guilin and Wang, Meng},
  journal={Knowledge-Based Systems},
  pages={109124},
  year={2022},
  publisher={Elsevier}
}

@article{kim2016deepspark,
  title={Deepspark: A spark-based distributed deep learning framework for commodity clusters},
  author={Kim, Hanjoo and Park, Jaehong and Jang, Jaehee and Yoon, Sungroh},
  journal={arXiv preprint arXiv:1602.08191},
  year={2016}
}

@inproceedings{zheng2020dgl,
  title={Dgl-ke: Training knowledge graph embeddings at scale},
  author={Zheng, Da and Song, Xiang and Ma, Chao and Tan, Zeyuan and Ye, Zihao and Dong, Jin and Xiong, Hao and Zhang, Zheng and Karypis, George},
  booktitle={Proceedings of the 43rd International ACM SIGIR Conference on Research and Development in Information Retrieval},
  pages={739--748},
  year={2020}
}

@article{ren2019financial,
  title={Financial news recommendation based on graph embeddings},
  author={Ren, Jiangtao and Long, Jiawei and Xu, Zhikang},
  journal={Decision Support Systems},
  volume={125},
  pages={113115},
  year={2019},
  publisher={Elsevier}
}

@article{zhang2019graph,
  title={Graph convolutional networks: a comprehensive review},
  author={Zhang, Si and Tong, Hanghang and Xu, Jiejun and Maciejewski, Ross},
  journal={Computational Social Networks},
  volume={6},
  number={1},
  pages={1--23},
  year={2019},
  publisher={SpringerOpen}
}

